
@unpublished{cttc,
	author       = {Centre Tecnològic de Transferència de Calor}, 
	title        = {A Two-dimensional Transient Conduction Problem},
	note         = {Proposta de problema numèric},
	month        = 12,
	year         = 2020
}

@book{strauss2007partial,
	title={Partial differential equations: An introduction},
	author={Strauss, Walter A},
	year={2007},
	publisher={John Wiley \& Sons}
}

@unpublished{apunts_aln,
	author       = {{Tomás Lázaro, José} and {Ollé, Mercè} and {Pacha, Juan Ramon}}, 
	title        = {Teoria d'Àlgebra Lineal Numèrica},
	note         = {Apunts de l'assignatura d'Àlgebra Lineal Numèrica, curs 2018--2019},
	month        = 2,
	year         = 2019
}